<?xml version="1.0" encoding="UTF-8"?>
<collection xmlns:xsi="http://www.w3.org/2001/XMLSchema-instance" xsi:schemaLocation="http://www.loc.gov/MARC21/slim http://www.loc.gov/standards/marcxml/schema/MARC21slim.xsd" xmlns="http://www.loc.gov/MARC21/slim">
<record>
  <leader>00664cam a22002171  4500</leader>
  <controlfield tag="001">3128975</controlfield>
  <controlfield tag="003">NNC</controlfield>
  <controlfield tag="005">20130426135342.0</controlfield>
  <controlfield tag="008">011106s1902    ua            000 0 ara d</controlfield>
  <datafield tag="035" ind1=" " ind2=" ">
    <subfield code="a">(OCoLC)ocm48361280</subfield>
  </datafield>
  <datafield tag="035" ind1=" " ind2=" ">
    <subfield code="9">ATW2822CU</subfield>
  </datafield>
  <datafield tag="035" ind1=" " ind2=" ">
    <subfield code="a">(NNC)3128975</subfield>
  </datafield>
  <datafield tag="040" ind1=" " ind2=" ">
    <subfield code="a">ZCU</subfield>
    <subfield code="c">ZCU</subfield>
  </datafield>
  <datafield tag="099" ind1=" " ind2=" ">
    <subfield code="a">893.7991</subfield>
    <subfield code="a">N186</subfield>
  </datafield>
  <datafield tag="100" ind1="1" ind2=" ">
    <subfield code="a">Abū al-Layth al-Samarqandī, Naṣr ibn Muḥammad,</subfield>
    <subfield code="d">-983?</subfield>
  </datafield>
  <datafield tag="245" ind1="1" ind2="0">
    <subfield code="a">Tanbīh al-ghāfilīn.</subfield>
    <subfield code="b">Bustān alʻarifīn.</subfield>
  </datafield>
  <datafield tag="260" ind1=" " ind2=" ">
    <subfield code="a">Cairo</subfield>
    <subfield code="c">[1319 A.H. (1902)]</subfield>
  </datafield>
  <datafield tag="300" ind1=" " ind2=" ">
    <subfield code="a">316 p.</subfield>
    <subfield code="c">29 cm.</subfield>
  </datafield>
  <datafield tag="650" ind1=" " ind2="0">
    <subfield code="a">Islam.</subfield>
  </datafield>
  <datafield tag="700" ind1="1" ind2=" ">
    <subfield code="a">Abū al-Layth al-Samarqandī, Naṣr ibn Muḥammad,</subfield>
    <subfield code="d">-983?</subfield>
    <subfield code="t">Bustān al-ʻārifīn.</subfield>
  </datafield>
  <datafield tag="955" ind1=" " ind2=" ">
    <subfield code="b">CU07841639</subfield>
    <subfield code="d">off,glx</subfield>
    <subfield code="e">893.7991 N186</subfield>
  </datafield>
</record>
</collection>